

@BOOK{cite3,
  author = {پرمان},
  TITLE =       {مستند طرّاحی سیستم
  \lr{PTS6010}},
  PUBLISHER =   {پرمان},
  YEAR =        {۱۳۹۴},
  EDITION = 	{۲.۰},
  LANGUAGE =     {Persian},
}