@book{navabi2011digital,
  title={\large {Digital System Test and Testable Design}},
  author={\large Navabi, Zainalabedin},
  year={\large 2011},
  publisher={\large Springer}
}

@BOOK{cite1,
  AUTHOR =      {\large Marconi Communications GmbH},
  TITLE =       {\large Introduction to the Synchronous Digital Hierarchy},
  PUBLISHER =   {\large Marconi Communications GmbH},
  YEAR =        {\large 2000},
  EDITION = 	{\large 3.2},
}

@BOOK{cite3,
  author = {پرمان},
  TITLE =       {مستند طرّاحی سیستم
  \lr{ PTS6010}},
  PUBLISHER =   {پرمان},
  YEAR =        {۱۳۹۴},
  EDITION = 	{۲.۰},
  LANGUAGE =     {Persian},
}