@incollection{NIPS2019_9005,
title = {Solving Interpretable Kernel Dimensionality Reduction},
author = {Wu, Chieh and Miller, Jared and Chang, Yale and Sznaier, Mario and Dy, Jennifer},
booktitle = {Advances in Neural Information Processing Systems 32},
year = {2019},
publisher = {Curran Associates, Inc.},
}
@book{nocedal2006numerical,
  title={Numerical optimization},
  author={Nocedal, Jorge and Wright, Stephen},
  year={2006},
  publisher={Springer Science \& Business Media}
}

@article{zhang2012kernel,
  title={Kernel-based conditional independence test and application in causal discovery},
  author={Zhang, Kun and Peters, Jonas and Janzing, Dominik and Sch{\"o}lkopf, Bernhard},
  journal={arXiv preprint arXiv:1202.3775},
  year={2012}
}
@InProceedings{ISM,
  title = 	 {Iterative Spectral Method for Alternative Clustering},
  author = 	 {Chieh Wu and Stratis Ioannidis and Mario Sznaier and Xiangyu Li and David Kaeli and Jennifer Dy},
  booktitle = 	 {Proceedings of the Twenty-First International Conference on Artificial Intelligence and Statistics},
  year = 	 {2018},
  series = 	 {Proceedings of Machine Learning Research}
}


@article{karl1901liii,
  title={Liii. on lines and planes of closest fit to systems of points in space},
  author={Karl Pearson, FRS},
  journal={Philosophical Magazine Series},
  volume={6},
  number={2},
  pages={11},
  year={1901}
}
@inproceedings{masaeli2010transformation,
  title={From transformation-based dimensionality reduction to feature selection},
  author={Masaeli, Mahdokht and Dy, Jennifer G and Fung, Glenn M},
  booktitle={Proceedings of the 27th International Conference on Machine Learning (ICML-10)},
  pages={751--758},
  year={2010}
}
@article{scholkopf1998nonlinear,
  title={Nonlinear component analysis as a kernel eigenvalue problem},
  author={Sch{\"o}lkopf, Bernhard and Smola, Alexander and M{\"u}ller, Klaus-Robert},
  journal={Neural computation},
  volume={10},
  number={5},
  pages={1299--1319},
  year={1998},
  publisher={MIT Press}
}
@inproceedings{niu2011dimensionality,
  title={Dimensionality reduction for spectral clustering},
  author={Niu, Donglin and Dy, Jennifer and Jordan, Michael},
  booktitle={Proceedings of the Fourteenth International Conference on Artificial Intelligence and Statistics},
  pages={552--560},
  year={2011}
}
@inproceedings{wu2018iterative,
  title={Iterative Spectral Method for Alternative Clustering},
  author={Wu, Chieh and Ioannidis, Stratis and Sznaier, Mario and Li, Xiangyu and Kaeli, David and Dy, Jennifer},
  booktitle={International Conference on Artificial Intelligence and Statistics},
  pages={115--123},
  year={2018}
}
@inproceedings{niu2010multiple,
  title={Multiple non-redundant spectral clustering views},
  author={Niu, Donglin and Dy, Jennifer G and Jordan, Michael I},
  booktitle={Proceedings of the 27th international conference on machine learning (ICML-10)},
  pages={831--838},
  year={2010}
}
@article{wen2013feasible,
  title={A feasible method for optimization with orthogonality constraints},
  author={Wen, Zaiwen and Yin, Wotao},
  journal={Mathematical Programming},
  volume={142},
  number={1-2},
  pages={397--434},
  year={2013},
  publisher={Springer}
}
@article{niu2014iterative,
  title={Iterative discovery of multiple alternativeclustering views},
  author={Niu, Donglin and Dy, Jennifer G and Jordan, Michael I},
  journal={IEEE transactions on pattern analysis and machine intelligence},
  volume={36},
  number={7},
  pages={1340--1353},
  year={2014},
  publisher={IEEE}
}
@inproceedings{gretton2005measuring,
  title={Measuring statistical dependence with Hilbert-Schmidt norms},
  author={Gretton, Arthur and Bousquet, Olivier and Smola, Alex and Sch{\"o}lkopf, Bernhard},
  booktitle={International conference on algorithmic learning theory},
  pages={63--77},
  year={2005},
  organization={Springer}
}
@incollection{benesty2009pearson,
  title={Pearson correlation coefficient},
  author={Benesty, Jacob and Chen, Jingdong and Huang, Yiteng and Cohen, Israel},
  booktitle={Noise reduction in speech processing},
  pages={1--4},
  year={2009},
  publisher={Springer}
}
@article{sejdinovic2013equivalence,
  title={Equivalence of distance-based and RKHS-based statistics in hypothesis testing},
  author={Sejdinovic, Dino and Sriperumbudur, Bharath and Gretton, Arthur and Fukumizu, Kenji},
  journal={The Annals of Statistics},
  pages={2263--2291},
  year={2013},
  publisher={JSTOR}
}
@article{sharifzadeh2017sparse,
  title={Sparse supervised principal component analysis (SSPCA) for dimension reduction and variable selection},
  author={Sharifzadeh, Sara and Ghodsi, Ali and Clemmensen, Line H and Ersb{\o}ll, Bjarne K},
  journal={Engineering Applications of Artificial Intelligence},
  volume={65},
  pages={168--177},
  year={2017},
  publisher={Elsevier}
}
@article{barshan2011supervised,
  title={Supervised principal component analysis: Visualization, classification and regression on subspaces and submanifolds},
  author={Barshan, Elnaz and Ghodsi, Ali and Azimifar, Zohreh and Jahromi, Mansoor Zolghadri},
  journal={Pattern Recognition},
  volume={44},
  number={7},
  pages={1357--1371},
  year={2011},
  publisher={Elsevier}
}
@article{bibby1974axiomatisations,
  title={Axiomatisations of the average and a further generalisation of monotonic sequences},
  author={Bibby, John},
  journal={Glasgow Mathematical Journal},
  volume={15},
  number={1},
  pages={63--65},
  year={1974},
  publisher={Cambridge University Press}
}
@inproceedings{chang2017clustering,
  title={Clustering with Domain-Specific Usefulness Scores},
  author={Chang, Yale and Chen, Junxiang and Cho, Michael H and Castaidi, Peter J and Silverman, Edwin K and Dy, Jennifer G},
  booktitle={Proceedings of the 2017 SIAM International Conference on Data Mining},
  pages={207--215},
  year={2017},
  organization={SIAM}
}
@article{von2007tutorial,
  title={A tutorial on spectral clustering},
  author={Von Luxburg, Ulrike},
  journal={Statistics and computing},
  volume={17},
  number={4},
  pages={395--416},
  year={2007},
  publisher={Springer}
}
@article{wright1999numerical,
  title={Numerical optimization},
  author={Wright, Stephen and Nocedal, Jorge},
  journal={Springer Science},
  volume={35},
  pages={67--68},
  year={1999}
}
@book{yeh2006real,
  title={Real Analysis: Theory of Measure and Integration Second Edition},
  author={Yeh, James},
  year={2006},
  publisher={World Scientific Publishing Company}
}
@inproceedings{li2017mmd,
  title={MMD GAN: Towards deeper understanding of moment matching network},
  author={Li, Chun-Liang and Chang, Wei-Cheng and Cheng, Yu and Yang, Yiming and P{\'o}czos, Barnab{\'a}s},
  booktitle={Advances in Neural Information Processing Systems},
  pages={2203--2213},
  year={2017}
}
@inproceedings{song2007supervised,
  title={Supervised feature selection via dependence estimation},
  author={Song, Le and Smola, Alex and Gretton, Arthur and Borgwardt, Karsten M and Bedo, Justin},
  booktitle={Proceedings of the 24th international conference on Machine learning},
  pages={823--830},
  year={2007},
  organization={ACM}
}
@article{strehl2002cluster,
  title={Cluster ensembles---a knowledge reuse framework for combining multiple partitions},
  author={Strehl, Alexander and Ghosh, Joydeep},
  journal={Journal of machine learning research},
  volume={3},
  number={Dec},
  pages={583--617},
  year={2002}
}
@misc{Dua:2017 ,
author = "Dheeru, Dua and Karra Taniskidou, Efi",
year = "2017",
title = "{UCI} Machine Learning Repository",
url = "http://archive.ics.uci.edu/ml",
institution = "University of California, Irvine, School of Information and Computer Sciences" }
@article{breastcancer,
  title={Wisconsin breast cancer dataset},
  author={Wolberg, William H},
  journal={University of Wisconsin Hospitals},
  volume={},
  number={},
  pages={},
  year={1992}
}
@article{bay2000uci,
  title={The UCI KDD archive of large data sets for data mining research and experimentation},
  author={Bay, Stephen D and Kibler, Dennis and Pazzani, Michael J and Smyth, Padhraic},
  journal={ACM SIGKDD Explorations Newsletter},
  volume={2},
  number={2},
  pages={81--85},
  year={2000},
  publisher={ACM}
}
@inproceedings{gangeh2016semi,
  title={Semi-supervised Dictionary Learning Based on Hilbert-Schmidt Independence Criterion},
  author={Gangeh, Mehrdad J and Bedawi, Safaa MA and Ghodsi, Ali and Karray, Fakhri},
  booktitle={International Conference Image Analysis and Recognition},
  pages={12--19},
  year={2016},
  organization={Springer}
}

@article{knyazev2012principal,
  title={Principal angles between subspaces and their tangents},
  author={Knyazev, Andrew V and Zhu, Peizhen},
  year={2012}
}
@article{JMLR:v17:16-177,
  author  = {James Townsend and Niklas Koep and Sebastian Weichwald},
  title   = {Pymanopt: A Python Toolbox for Optimization on Manifolds using Automatic Differentiation},
  journal = {Journal of Machine Learning Research},
  year    = {2016},
  volume  = {17},
  number  = {137},
  pages   = {1-5},
  url     = {http://jmlr.org/papers/v17/16-177.html}
}
@article{manopt,
  author  = {Boumal, N. and Mishra, B. and Absil, P.-A. and Sepulchre, R.},
  title   = {{M}anopt, a {M}atlab Toolbox for Optimization on Manifolds},
  journal = {Journal of Machine Learning Research},
  year    = {2014},
  volume  = {15},
  pages   = {1455--1459},
  url     = {http://www.manopt.org}
}
@inproceedings{theis2009soft,
  title={Soft dimension reduction for ICA by joint diagonalization on the Stiefel manifold},
  author={Theis, Fabian J and Cason, Thomas P and Absil, P-A},
  booktitle={International Conference on Independent Component Analysis and Signal Separation},
  pages={354--361},
  year={2009},
  organization={Springer}
}
@inproceedings{boumal2011rtrmc,
  title={RTRMC: A Riemannian trust-region method for low-rank matrix completion},
  author={Boumal, Nicolas and Absil, Pierre-antoine},
  booktitle={Advances in neural information processing systems},
  pages={406--414},
  year={2011}
}
@article{gretton2012kernel,
  title={A kernel two-sample test},
  author={Gretton, Arthur and Borgwardt, Karsten M and Rasch, Malte J and Sch{\"o}lkopf, Bernhard and Smola, Alexander},
  journal={Journal of Machine Learning Research},
  volume={13},
  number={Mar},
  pages={723--773},
  year={2012}
}
@book{james1976topology,
  title={The topology of Stiefel manifolds},
  author={James, Ioan Mackenzie},
  volume={24},
  year={1976},
  publisher={Cambridge University Press}
}
@article{nishimori2005learning,
  title={Learning algorithms utilizing quasi-geodesic flows on the Stiefel manifold},
  author={Nishimori, Yasunori and Akaho, Shotaro},
  journal={Neurocomputing},
  volume={67},
  pages={106--135},
  year={2005},
  publisher={Elsevier}
}
@article{edelman1998geometry,
  title={The geometry of algorithms with orthogonality constraints},
  author={Edelman, Alan and Arias, Tom{\'a}s A and Smith, Steven T},
  journal={SIAM journal on Matrix Analysis and Applications},
  volume={20},
  number={2},
  pages={303--353},
  year={1998},
  publisher={SIAM}
}
@article{fukumizu2009kernel,
  title={Kernel dimension reduction in regression},
  author={Fukumizu, Kenji and Bach, Francis R and Jordan, Michael I and others},
  journal={The Annals of Statistics},
  volume={37},
  number={4},
  pages={1871--1905},
  year={2009},
  publisher={Institute of Mathematical Statistics}
}
@inproceedings{suzuki2010sufficient,
  title={Sufficient dimension reduction via squared-loss mutual information estimation},
  author={Suzuki, Taiji and Sugiyama, Masashi},
  booktitle={Proceedings of the Thirteenth International Conference on Artificial Intelligence and Statistics},
  pages={804--811},
  year={2010}
}
@book{jolliffe2011principal,
  title={Principal component analysis},
  author={Jolliffe, Ian},
  year={2011},
  publisher={Springer}
}
@article{roweis2000nonlinear,
  title={Nonlinear dimensionality reduction by locally linear embedding},
  author={Roweis, Sam T and Saul, Lawrence K},
  journal={science},
  volume={290},
  number={5500},
  pages={2323--2326},
  year={2000},
  publisher={American Association for the Advancement of Science}
}
@article{wickelmaier2003introduction,
  title={An introduction to MDS},
  author={Wickelmaier, Florian},
  journal={Sound Quality Research Unit, Aalborg University, Denmark},
  volume={46},
  number={5},
  pages={1--26},
  year={2003},
  publisher={Citeseer}
}
@article{tenenbaum2000global,
  title={A global geometric framework for nonlinear dimensionality reduction},
  author={Tenenbaum, Joshua B and De Silva, Vin and Langford, John C},
  journal={science},
  volume={290},
  number={5500},
  pages={2319--2323},
  year={2000},
  publisher={American Association for the Advancement of Science}
}
@article{kambhatla1997dimension,
  title={Dimension reduction by local principal component analysis},
  author={Kambhatla, Nandakishore and Leen, Todd K},
  journal={Neural computation},
  volume={9},
  number={7},
  pages={1493--1516},
  year={1997},
  publisher={MIT Press}
}
@inproceedings{song2008colored,
  title={Colored maximum variance unfolding},
  author={Song, Le and Gretton, Arthur and Borgwardt, Karsten and Smola, Alex J},
  booktitle={Advances in neural information processing systems},
  pages={1385--1392},
  year={2008}
}
@inproceedings{vladymyrov2013locally,
  title={Locally linear landmarks for large-scale manifold learning},
  author={Vladymyrov, Max and Carreira-Perpin{\'a}n, Miguel {\'A}},
  booktitle={Joint European Conference on Machine Learning and Knowledge Discovery in Databases},
  pages={256--271},
  year={2013},
  organization={Springer}
}
@article{song2012feature,
  title={Feature selection via dependence maximization},
  author={Song, Le and Smola, Alex and Gretton, Arthur and Bedo, Justin and Borgwardt, Karsten},
  journal={Journal of Machine Learning Research},
  volume={13},
  number={May},
  pages={1393--1434},
  year={2012}
}
@article{belkin2003laplacian,
  title={Laplacian eigenmaps for dimensionality reduction and data representation},
  author={Belkin, Mikhail and Niyogi, Partha},
  journal={Neural computation},
  volume={15},
  number={6},
  pages={1373--1396},
  year={2003},
  publisher={MIT Press}
}
@article{elhamifar2013sparse,
  title={Sparse subspace clustering: Algorithm, theory, and applications},
  author={Elhamifar, Ehsan and Vidal, Rene},
  journal={IEEE transactions on pattern analysis and machine intelligence},
  volume={35},
  number={11},
  pages={2765--2781},
  year={2013},
  publisher={IEEE}
}
@inproceedings{gretton2008kernel,
  title={A kernel statistical test of independence},
  author={Gretton, Arthur and Fukumizu, Kenji and Teo, Choon H and Song, Le and Sch{\"o}lkopf, Bernhard and Smola, Alex J},
  booktitle={Advances in neural information processing systems},
  pages={585--592},
  year={2008}
}
@article{cortes2012algorithms,
  title={Algorithms for learning kernels based on centered alignment},
  author={Cortes, Corinna and Mohri, Mehryar and Rostamizadeh, Afshin},
  journal={Journal of Machine Learning Research},
  volume={13},
  number={Mar},
  pages={795--828},
  year={2012}
}
@article{gonen2011multiple,
  title={Multiple kernel learning algorithms},
  author={G{\"o}nen, Mehmet and Alpayd{\i}n, Ethem},
  journal={Journal of machine learning research},
  volume={12},
  number={Jul},
  pages={2211--2268},
  year={2011}
}
@inproceedings{fazel2003log,
  title={Log-det heuristic for matrix rank minimization with applications to Hankel and Euclidean distance matrices},
  author={Fazel, Maryam and Hindi, Haitham and Boyd, Stephen P},
  booktitle={Proceedings of the 2003 American Control Conference, 2003.},
  volume={3},
  pages={2156--2162},
  year={2003},
  organization={IEEE}
}
@misc{particleoft,
  title = { Particles of Tessellations },
  howpublished = {\url{http://en.tessellations-nicolas.com/}},
  note = {Accessed: 2017-04-25}
}
@Misc{numpy,
  author =    {Eric Jones and Travis Oliphant and Pearu Peterson and others},
  title =     {{SciPy}: Open source scientific tools for {Python}},
  year =      {2001--},
  url = "http://www.scipy.org/",
  note = {[Online; accessed <today>]}
}
@inproceedings{sklearn_api,
  author    = {Lars Buitinck and Gilles Louppe and Mathieu Blondel and
               Fabian Pedregosa and Andreas Mueller and Olivier Grisel and
               Vlad Niculae and Peter Prettenhofer and Alexandre Gramfort
               and Jaques Grobler and Robert Layton and Jake VanderPlas and
               Arnaud Joly and Brian Holt and Ga{\"{e}}l Varoquaux},
  title     = {{API} design for machine learning software: experiences from the scikit-learn
               project},
  booktitle = {ECML PKDD Workshop: Languages for Data Mining and Machine Learning},
  year      = {2013},
  pages = {108--122},
}
@article{deng2012mnist,
  title={The MNIST database of handwritten digit images for machine learning research [best of the web]},
  author={Deng, Li},
  journal={IEEE Signal Processing Magazine},
  volume={29},
  number={6},
  pages={141--142},
  year={2012},
  publisher={IEEE}
}
@inproceedings{cristianini2002kernel,
  title={On kernel-target alignment},
  author={Cristianini, Nello and Shawe-Taylor, John and Elisseeff, Andre and Kandola, Jaz S},
  booktitle={Advances in neural information processing systems},
  pages={367--373},
  year={2002}
}
@inproceedings{scholkopf1997kernel,
  title={Kernel principal component analysis},
  author={Sch{\"o}lkopf, Bernhard and Smola, Alexander and M{\"u}ller, Klaus-Robert},
  booktitle={International conference on artificial neural networks},
  pages={583--588},
  year={1997},
  organization={Springer}
}

@article{SL0,
  title={A fast approach for overcomplete sparse decomposition based on smooth $l_0$ norm},
  author={Mohimani, Hosein and Babaie-Zadeh, Massoud and Jutten, Christian},
  journal={IEEE Transactions on Signal Processing},
  volume={57},
  number={1},
  pages={289--301},
  year={2008},
  publisher={IEEE}
}

